<record xmlns="http://www.loc.gov/MARC21/slim" xmlns:xsi="http://www.w3.org/2001/XMLSchema-instance" xsi:schemaLocation="http://www.loc.gov/MARC21/slim http://www.loc.gov/standards/marcxml/schema/MARC21slim.xsd"><leader>     nam a22        4500</leader><controlfield tag="001">3369397</controlfield><controlfield tag="003">NNC</controlfield><controlfield tag="006">m        d        </controlfield><controlfield tag="007">cr cn |||m|||a</controlfield><controlfield tag="008">150313s1932    ti      ob    000 0carard</controlfield><datafield ind1=" " ind2=" " tag="040"><subfield code="a">NNU</subfield><subfield code="b">eng</subfield><subfield code="e">rda</subfield><subfield code="c">NNU</subfield></datafield><datafield ind1=" " ind2=" " tag="043"><subfield code="a">f-ti---</subfield></datafield><datafield ind1=" " ind2="4" tag="050"><subfield code="a">PJ8244</subfield><subfield code="b">.N393 1932</subfield></datafield><datafield ind1="1" ind2=" " tag="100"><subfield code="6">880-01</subfield><subfield code="a">Nayfar, Muh&#803;ammad,</subfield><subfield code="d">1860-1912.</subfield></datafield><datafield ind1="1" ind2="0" tag="245"><subfield code="6">880-02</subfield><subfield code="a">&#699;Unwa&#772;n al-ari&#772;b &#699;amma&#772; nasha'a bi-al-Mamlakah al-Tu&#772;nisi&#772;yah min &#699;a&#772;lim adi&#772;b /</subfield><subfield code="c">ta'li&#772;f Muh&#803;ammad al-Nayfar.</subfield></datafield><datafield ind1=" " ind2=" " tag="250"><subfield code="6">880-03</subfield><subfield code="a">al-T&#803;ab&#699;ah 1.</subfield></datafield><datafield ind1=" " ind2=" " tag="260"><subfield code="6">880-04</subfield><subfield code="a">Tu&#772;nis :</subfield><subfield code="b">al-Mat&#803;ba&#699;ah al-Tu&#772;nisi&#772;yah,</subfield><subfield code="c">1351 [1932]</subfield></datafield><datafield ind1=" " ind2=" " tag="300"><subfield code="a">online resource (2 volumes)</subfield></datafield><datafield ind1=" " ind2=" " tag="336"><subfield code="a">text</subfield><subfield code="2">rdacontent</subfield></datafield><datafield ind1=" " ind2=" " tag="337"><subfield code="a">computer</subfield><subfield code="2">rdamedia</subfield></datafield><datafield ind1=" " ind2=" " tag="338"><subfield code="a">online resource</subfield><subfield code="2">rdacarrier</subfield></datafield><datafield ind1=" " ind2=" " tag="500"><subfield code="a">Part of the Arabic Collections Online (ACO) project, contributed by Columbia University Libraries.</subfield></datafield><datafield ind1=" " ind2=" " tag="504"><subfield code="a">Includes bibliographical references.</subfield></datafield><datafield ind1=" " ind2=" " tag="533"><subfield code="a">Electronic reproduction.</subfield><subfield code="b">New York, N.Y. :</subfield><subfield code="c">New York University,</subfield><subfield code="d">2015.</subfield><subfield code="5">NNU</subfield></datafield><datafield ind1=" " ind2="0" tag="650"><subfield code="a">Authors, Tunisian.</subfield></datafield><datafield ind1=" " ind2="0" tag="650"><subfield code="a">Arabic literature</subfield><subfield code="z">Tunisia</subfield><subfield code="x">History and criticism.</subfield></datafield><datafield ind1=" " ind2="7" tag="650"><subfield code="a">Arabic literature.</subfield><subfield code="2">fast</subfield><subfield code="0">(OCoLC)fst00812478</subfield></datafield><datafield ind1=" " ind2="7" tag="650"><subfield code="a">Authors, Tunisian.</subfield><subfield code="2">fast</subfield><subfield code="0">(OCoLC)fst00822405</subfield></datafield><datafield ind1=" " ind2="7" tag="651"><subfield code="a">Tunisia.</subfield><subfield code="2">fast</subfield><subfield code="0">(OCoLC)fst01205477</subfield></datafield><datafield ind1=" " ind2="7" tag="655"><subfield code="a">Criticism, interpretation, etc.</subfield><subfield code="2">fast</subfield><subfield code="0">(OCoLC)fst01411635</subfield></datafield><datafield ind1="2" ind2=" " tag="710"><subfield code="a">Columbia University.</subfield><subfield code="b">Libraries.</subfield></datafield><datafield ind1="0" ind2=" " tag="730"><subfield code="a">Arabic Collections Online.</subfield></datafield><datafield ind1="0" ind2="8" tag="776"><subfield code="i">Online version:</subfield><subfield code="a">Nayfar, Muh&#803;ammad, 1860-1912.</subfield><subfield code="t">&#699;Unwa&#772;n al-ari&#772;b &#699;amma&#772; nasha'a bi-al-Mamlakah al-Tu&#772;nisi&#772;yah min &#699;a&#772;lim adi&#772;b.</subfield><subfield code="b">al-T&#803;ab&#699;ah 1.</subfield><subfield code="d">Tu&#772;nis : al-Mat&#803;ba&#699;ah al-Tu&#772;nisi&#772;yah, 1351 [1932]</subfield><subfield code="w">(OCoLC)586091312</subfield></datafield><datafield ind1="0" ind2="8" tag="776"><subfield code="i">Print version:</subfield><subfield code="a">Nayfar, Muh&#803;ammad, 1860-1912.</subfield><subfield code="t">&#699;Unwa&#772;n al-ari&#772;b &#699;amma&#772; nasha'a bi-al-Mamlakah al-Tu&#772;nisi&#772;yah min &#699;a&#772;lim adi&#772;b</subfield><subfield code="w">(NNC)3369397</subfield><subfield code="w">(OCoLC)10129783</subfield></datafield><datafield ind1="4" ind2="0" tag="856"><subfield code="u">http://hdl.handle.net/2333.1/cvdncn7g</subfield></datafield><datafield ind1="1" ind2=" " tag="880"><subfield code="6">100-01/r</subfield><subfield code="a">&#1606;&#1610;&#1601;&#1585;&#1548; &#1605;&#1581;&#1605;&#1583;.</subfield></datafield><datafield ind1="1" ind2="0" tag="880"><subfield code="6">245-02/r</subfield><subfield code="a">&#1593;&#1606;&#1608;&#1575;&#1606; &#1575;&#1604;&#1593;&#1585;&#1610;&#1576; &#1593;&#1575;&#1605;&#1577; &#1606;&#1588;&#1575;&#1569; &#1576;&#1575;&#1604;&#1605;&#1605;&#1604;&#1603;&#1577; &#1575;&#1604;&#1578;&#1608;&#1606;&#1587;&#1610;&#1577; &#1605;&#1606; &#1593;&#1575;&#1604;&#1605; &#1575;&#1583;&#1610;&#1576; /</subfield><subfield code="c">&#1578;&#1649;&#1604;&#1610;&#1601; &#1605;&#1581;&#1605;&#1583; &#1575;&#1604;&#1606;&#1610;&#1601;&#1585;.</subfield></datafield><datafield ind1=" " ind2=" " tag="880"><subfield code="6">250-03/r</subfield><subfield code="a">&#1575;&#1604;&#1591;&#1576;&#1593;&#1577; 1.</subfield></datafield><datafield ind1=" " ind2=" " tag="880"><subfield code="6">260-04/r</subfield><subfield code="a">&#1578;&#1608;&#1606;&#1587; :</subfield><subfield code="b">&#1575;&#1604;&#1605;&#1591;&#1576;&#1593;&#1577; &#1575;&#1604;&#1578;&#1608;&#1606;&#1587;&#1610;&#1577;&#1548;</subfield><subfield code="c">1932.</subfield></datafield><datafield ind1=" " ind2=" " tag="959"><subfield code="a">NNU</subfield><subfield code="b">WEB</subfield><subfield code="c">GENI</subfield><subfield code="t">0</subfield><subfield code="m">Electronic access</subfield><subfield code="s">01</subfield></datafield><datafield ind1=" " ind2=" " tag="999"><subfield code="i">NNC_3369397</subfield><subfield code="o">(OCoLC)ocm10129783 </subfield><subfield code="s">columbia_aco000468</subfield></datafield></record>